<?xml version="1.0" encoding="UTF-8"?><record xmlns="http://www.loc.gov/MARC21/slim" xmlns:cinclude="http://apache.org/cocoon/include/1.0" xmlns:zs="http://www.loc.gov/zing/srw/">
  <leader>00770cz  a2200181n  4500</leader>
  <controlfield tag="001">n  80119665 </controlfield>
  <controlfield tag="003">DLC</controlfield>
  <controlfield tag="005">20090204080744.0</controlfield>
  <controlfield tag="008">801015n| acannaabn          |b ana      </controlfield>
  <datafield tag="010" ind1=" " ind2=" ">
    <subfield code="a">n  80119665 </subfield>
  </datafield>
  <datafield tag="035" ind1=" " ind2=" ">
    <subfield code="a">(OCoLC)oca00500280</subfield>
  </datafield>
  <datafield tag="040" ind1=" " ind2=" ">
    <subfield code="a">DLC</subfield>
    <subfield code="b">eng</subfield>
    <subfield code="c">DLC</subfield>
    <subfield code="d">OCoLC</subfield>
  </datafield>
  <datafield tag="110" ind1="2" ind2=" ">
    <subfield code="a">Nihon Denshin Denwa Kōsha.</subfield>
    <subfield code="b">Kinki Denki Tsūshinkyoku</subfield>
  </datafield>
  <datafield tag="410" ind1="2" ind2=" ">
    <subfield code="a">日本電信電話公社.</subfield>
    <subfield code="b">近畿電気通信局</subfield>
  </datafield>
  <datafield tag="667" ind1=" " ind2=" ">
    <subfield code="a">Machine-derived non-Latin script reference project.</subfield>
  </datafield>
  <datafield tag="667" ind1=" " ind2=" ">
    <subfield code="a">Non-Latin script reference not evaluated.</subfield>
  </datafield>
  <datafield tag="670" ind1=" " ind2=" ">
    <subfield code="a">Its Keiei Chōsashitsu. Kinki keizaiken no ... 1959- (subdiv.)</subfield>
    <subfield code="b">v. 4, t.p. (Nihon Denshin Denwa Kōsha Kinki Denki Tsūshinkyoku)</subfield>
  </datafield>
  <datafield tag="670" ind1=" " ind2=" ">
    <subfield code="a">Shokuinroku, 1959:</subfield>
    <subfield code="b">v. 1, p. 1460 (Nihon Denshin Denwa Kōsha/Kinki Denki Tsūshinkyoku)</subfield>
  </datafield>
</record>